1963 3340
239 237 355 295 ¹40
889 203 1109 263 Aetion
1139 205 1227 262 sur
1256 207 1389 264 Stat.

542 445 613 482 Ota
625 452 692 496 per
709 454 793 496 may,
823 442 914 492 Qe
949 437 975 479 s1
1005 451 1055 477 un
1077 451 1201 478 meere
1224 437 1423 491 lay-home
1455 438 1508 480 est
1535 440 1680 493 present
1702 450 1859 498 uncotq

573 511 642 537 ceo
674 495 763 536 n’est
781 511 832 537 un
865 507 989 536 meere
1008 493 1164 546 nullity‚
1191 507 1270 534 mes
1296 494 1321 534 11
1355 492 1407 533 est
1426 495 1563 535 parson
1582 495 1624 536 de
1650 499 1758 550 fhllo,
1788 506 1858 544 δια

485 555 521 592 D
545 567 583 592 er
605 569 624 591 2
659 568 694 592 2.
711 549 744 590 b.

428 567 545 659 Νοτὶιῖ
571 567 661 659 Q9e
691 609 776 647 sont
812 607 943 646 ascuns
968 602 1176 645 Prefidents
1212 618 1258 644 en
1288 618 1419 657 queux
1437 604 1491 646 est
1515 605 1635 661 allege
1655 623 1729 663 que
1748 611 1783 651 le
1802 614 1860 655 dit

486 665 580 705 Stat.
600 663 648 704 de
666 678 713 703 21
734 663 790 702 H.
812 662 846 701 8.
869 662 940 701 fuit
954 661 1024 700 fait
1044 659 1080 699 al
1101 660 1315 700 Parlement
1335 660 1486 700 inchoat’
1507 676 1558 701 ou
1579 665 1664 702 tent'
1698 665 1791 718 (que
1809 667 1863 710 est

486 732 577 760 tout
595 718 665 766 un)
697 718 732 758 al
749 715 1016 765 westminster,
1037 712 1111 757 &a
1157 717 1205 755 Et
1222 730 1269 755 en
1289 714 1398 755 Bond
1418 719 1453 756 8(
1474 716 1653 760 Tricket's
1674 720 1771 762 Case
1791 724 1866 764 fuit

486 775 585 816 iffint
607 771 720 827 plede
739 791 750 823 ς
778 774 826 813 Et
846 786 917 826 pur
936 785 1006 812 ceo
1025 784 1134 824 apres
1152 770 1313 811 verdist
1326 786 1396 824 put
1418 772 1453 812 le
1473 772 1652 815 Plaintiff
1661 776 1734 816 fuit
1751 792 1868 820 move

486 844 534 871 en
551 828 677 871 Arrest
697 828 745 870 de
764 826 969 881 Judgment
989 840 1065 880 que
1084 826 1119 867 16
1133 827 1230 867 Stat.
1250 827 1323 867 fuit
1343 829 1539 880 misrecite‚
1579 833 1669 883 quia
1693 832 1728 871 le
1748 834 1870 874 Parle-

488 899 593 927 ment
610 897 831 925 commence
849 884 885 925 al
905 882 1085 932 London,
1115 884 1150 922 8(
1169 882 1266 923 iffint
1285 882 1358 923 fuit
1375 883 1469 924 estre
1491 884 1603 938 plede
1623 902 1634 934 ;
1664 889 1698 927 8(
1721 889 1781 929 sur
1799 903 1869 931 ceo

489 939 577 983 Cur'
598 938 768 991 advifizre
784 940 879 981 vult.
933 940 1002 987 Jeo
1037 951 1088 990 ay
1107 941 1196 978 vieu
1216 938 1252 978 16
1269 938 1419 980 Record
1447 938 1495 980 de
1517 955 1586 980 ceo
1619 941 1730 991 Case‚
1760 946 1795 984 8(
1815 944 1871 986 est

490 1009 598 1037 enter
615 993 762 1036 Tricket
780 991 961 1036 Plaintiff
979 996 1014 1034 8(
1034 990 1142 1032 Bond
1156 992 1375 1034 Defendant
1393 1012 1404 1042 ς
1433 997 1467 1034 8(
1499 994 1537 1035 Ia
1556 995 1610 1036 est
1627 1010 1680 1038 un
1711 1001 1874 1041 Demut-

495 1066 553 1092 rer
569 1064 617 1091 en
648 1052 684 1090 16
717 1051 814 1091 Case
838 1051 875 1089 al
900 1051 1073 1100 Avowry
1102 1048 1163 1088 del
1200 1048 1432 1099 Defendam,
1462 1052 1498 1090 8(
1536 1063 1608 1102 put
1634 1066 1702 1093 ceo
1724 1068 1801 1108 que
1836 1055 1873 1096 le

492 1102 674 1146 Plaintiff
689 1119 737 1145 ne
768 1108 918 1157 appiert
946 1104 982 1144 al
1003 1104 1093 1161 jour
1123 1103 1222 1143 done
1256 1105 1317 1144 sur
1335 1103 1418 1143 Cur'
1445 1102 1615 1154 advifizre
1644 1109 1729 1148 vult
1765 1124 1877 1163 apres

494 1162 530 1202 16
552 1163 771 1210 Demurrer,
806 1160 841 1199 16
871 1158 1036 1199 Plaintifl
1073 1158 1145 1198 fuit
1165 1160 1322 1208 nonsue,
1350 1159 1448 1201 iffint
1470 1174 1547 1213 que
1566 1162 1664 1203 mult
1690 1178 1736 1204 ne
1769 1169 1878 1218 poiet

492 1215 586 1257 estre
604 1215 745 1257 collect
763 1227 831 1267 per
848 1213 922 1254 cest
940 1214 1049 1255 Case.
1105 1214 1198 1255 Mes
1227 1228 1277 1254 en
1296 1216 1392 1254 Burt
1414 1217 1450 1255 8(
1481 1216 1692 1260 Rothwell’s
1712 1220 1811 1261 Case
1829 1235 1879 1262 en

493 1271 540 1313 C.
561 1274 604 1313 B.
622 1271 657 1312 le
675 1270 766 1325 quel
785 1268 913 1310 intrat’
931 1269 1027 1310 Hill.
1048 1268 1069 1308 8
1082 1269 1273 1310 Willielmi
1292 1273 1401 1319 tertij
1426 1273 1507 1311 Rot.
1526 1273 1643 1314 1068.
1670 1274 1745 1316 cest
1766 1280 1880 1329 point

497 1326 551 1368 est
577 1325 790 1368 determine
809 1325 875 1366 lou
894 1338 942 1366 en
952 1338 1003 1366 un
1015 1325 1160 1365 Aetion
1178 1324 1320 1365 surcest
1334 1325 1430 1368 Stat.
1448 1340 1558 1380 apres
1573 1328 1737 1370 Verdic‘c
1755 1345 1827 1384 pur
1845 1331 1881 1372 le

497 1379 677 1423 Plaintiff
685 1382 758 1421 fuit
786 1395 901 1422 move
921 1394 968 1420 en
996 1379 1123 1422 Arrest
1139 1378 1188 1421 cle
1206 1380 1415 1433 Judgment
1437 1396 1512 1436 que
1538 1383 1573 1423 le
1591 1385 1687 1425 Stat.
1706 1386 1779 1427 fuit
1797 1388 1883 1428 mis-

499 1441 615 1478 recite
640 1450 709 1489 pur
731 1436 767 1476 16
785 1438 894 1477 cause
915 1435 1100 1485 avantdit,
1130 1438 1164 1476 8(
1189 1436 1286 1477 iffint
1314 1436 1388 1477 fuit
1417 1437 1452 1477 le
1475 1442 1635 1492 opinion
1662 1440 1711 1481 de
1742 1454 1830 1483 tout
1847 1442 1883 1483 le

501 1493 628 1541 Court
653 1493 714 1532 sur
732 1491 809 1532 due
829 1489 1117 1540 consideration,
1153 1493 1189 1531 &
1214 1505 1291 1544 que
1318 1491 1354 1532 16
1380 1491 1559 1535 Plaintiff
1576 1509 1624 1535 ne
1655 1499 1764 1549 poiet
1795 1511 1885 1539 aver

499 1546 707 1602 Judgment
738 1560 809 1599 pur
825 1561 908 1594 ceo,
927 1560 1005 1599 que
1023 1545 1051 1585 11
1072 1544 1121 1586 ad
1133 1546 1319 1586 conclude
1329 1557 1453 1587 contra
1461 1549 1614 1601 formam
1625 1552 1768 1592 Statut’
1780 1551 1892 1609 praed

503 1603 570 1644 lou
597 1618 645 1644 ne
673 1603 745 1642 fuit
777 1603 888 1642 ascun
909 1601 977 1643 tiel
1002 1601 1096 1642 Stat.
1115 1615 1197 1642 mes
1215 1614 1427 1643 auterment
1461 1604 1511 1644 ad
1529 1605 1623 1647 estre
1647 1606 1689 1649 fil
1717 1608 1766 1648 ad
1794 1623 1887 1650 con-

503 1658 613 1700 clude
648 1667 769 1697 contra
791 1657 945 1710 formam
971 1655 1110 1697 Statut‘
1130 1659 1170 1695 in
1198 1654 1392 1707 hujusmodi
1411 1657 1501 1710 casu,
1532 1663 1600 1701 &c.
1643 1675 1662 1714 3
1687 1661 1773 1703 Keb‚
1795 1665 1886 1713 468,

504 1715 650 1754 Palmer
670 1716 705 1755 8(
726 1710 884 1771 Taylor’s
910 1712 1021 1760 Case,
1061 1714 1097 1752 8(
1117 1712 1209 1764 847,
1243 1714 1278 1753 8(
1309 1713 1398 1765 848.
1524 1716 1573 1755 Et
1594 1716 1668 1758 fuit
1687 1718 1744 1758 dit
1762 1732 1829 1772 per
1850 1720 1886 1761 16

505 1770 634 1810 Court
643 1783 719 1822 que
737 1769 773 1810 le
787 1772 894 1809 voire
913 1769 950 1808 8(
964 1769 1047 1809 sure
1067 1767 1251 1821 Pleading
1266 1768 1313 1810 de
1332 1783 1402 1810 ceo
1422 1770 1520 1811 Stat.
1539 1772 1614 1812 fuit
1629 1786 1677 1814 en
1705 1775 1763 1814 Co.
1778 1776 1888 1817 Entr.

505 1824 698 1881 Lutwyche
715 1825 790 1864 fuit
807 1825 1024 1865 Accouncel
1047 1837 1123 1864 ove
1143 1826 1252 1864 Burt.

453 1879 553 1921 Nota
572 1884 677 1931 auxi,
691 1926 693 1928 ,
705 1881 796 1931 Qe
815 1891 937 1933 quant
964 1893 1017 1919 un
1044 1879 1140 1920 Stat.
1165 1878 1219 1921 est
1237 1879 1307 1920 fait
1327 1879 1361 1920 al
1379 1879 1522 1921 Seffion
1539 1880 1587 1921 de
1603 1882 1817 1925 Parlement
1838 1885 1893 1925 tel

514 1950 578 1976 nus
592 1947 659 1989 per
668 1934 868 1990 prorogat’,
887 1934 923 1975 le
949 1934 1049 1987 pluis
1067 1934 1186 1976 briefe
1205 1937 1241 1976 8(
1259 1936 1341 1976 sure
1360 1948 1442 1989 voy
1460 1934 1514 1976 est
1534 1950 1558 1978 a
1575 1936 1706 1990 pleder
1723 1938 1832 1987 Qod
1842 1943 1901 1979 ad

517 1990 905 2043 Sffon'Parliamenti
922 1988 1011 2030 tent'
1031 1989 1097 2030 tiel
1104 1990 1198 2042 jour
1218 1993 1253 2033 8(
1271 2004 1345 2032 ann
1365 2005 1387 2032 a
1407 1991 1476 2034 tiel
1497 1991 1586 2036 lieu.
1614 1992 1719 2036 ford
1730 1997 1766 2038 8(
1782 1998 1891 2038 Hun-

516 2045 609 2088 ter’s
625 2046 735 2088 ease.
765 2062 790 2088 2
801 2048 882 2087 Cro.
902 2060 918 2088 1
930 2060 945 2087 1
956 2060 988 2089 1.
1013 2045 1132 2098 4Inst.
1146 2060 1209 2097 27.
1869 2046 1889 2050 ³

1830 2539 1895 2585 Le
