1963 3340
231 488 271 527 N
298 489 502 539 Exception
525 487 592 525 futt
616 487 690 538 pris
711 486 744 525 al
764 487 1014 538 Replication‚
1042 500 1117 541 que
1144 487 1178 527 le
1206 488 1345 530 Breacli
1373 504 1421 531 ne
1445 491 1520 532 fuit

117 486 225 596 U
256 543 341 582 bien
361 542 511 594 affigncg
542 556 602 579 car
628 555 691 592 per
712 542 746 580 16
769 540 895 593 Agard
922 539 957 579 le
983 540 1195 581 Defendant
1222 543 1274 583 est
1302 559 1324 584 a
1346 558 1466 599 payer
1483 546 1521 587 al

170 595 344 638 Plaintiff
367 613 406 636 ιι
433 598 457 635 l.
483 597 588 650 Ἀφει-
616 596 679 633 vel
703 605 783 634 ante
809 597 843 634 16
877 609 897 645 7
920 595 1011 646 jour
1037 595 1098 634 del
1128 598 1224 650 May,
1259 600 1293 637 &
1320 599 1355 638 le
1378 601 1520 643 Breach

170 653 306 705 affigne
324 651 376 692 est
393 665 467 704 que
487 654 519 690 i:
543 650 753 690 Defendant
767 648 854 689 n'ad
877 663 952 702 pay
972 651 1026 689 les
1046 649 1122 690 dits
1150 666 1165 690 1
1177 667 1192 690 1
1207 652 1233 691 l.
1250 650 1523 703 secundumfor-

169 723 256 746 mam
274 703 318 746 ξεῖ
337 706 489 758 effec‘lum
507 703 656 752 afl‘itrij
675 702 836 757 praedi&
865 719 916 744 ou
936 704 961 744 il
991 704 1074 744 doit
1097 719 1184 746 avet
1215 706 1370 760 alledge‚
1398 723 1474 761 que
1495 711 1524 751 il

170 762 252 802 11'ad
268 776 343 814 pay
363 762 416 800 les
430 761 504 800 dits
529 775 542 798 1
556 775 568 798 1
587 760 609 797 l.
621 760 727 813 super
741 759 804 798 vel
820 769 902 798 ante
913 759 947 799 16
965 759 1018 799 dit
1031 759 1339 810 jour‚accordant
1351 763 1386 802 al
1396 765 1522 816 parols

171 817 231 857 del
252 815 393 869 Agard,
422 816 514 855 iffint
535 828 606 867 que
626 817 658 853 16
677 815 890 854 Defendant
909 818 991 867 puit
1012 829 1098 854 aver
1116 820 1193 868 pris
1214 830 1264 856 un
1283 816 1399 870 single
1417 816 1524 871 issue,

171 886 222 911 ou
244 873 304 910 sut
324 871 358 910 16
374 884 438 919 un,
457 885 503 909 ou
532 874 590 908 itit
616 870 648 909 16
675 882 791 913 auter,
821 872 854 909 8<
875 883 946 922 pur
961 883 1030 909 ceo
1059 872 1153 910 Dier
1172 885 1261 924 243.
1278 869 1311 912 b.
1338 873 1409 913 fuit
1432 877 1519 916 cite.

168 926 269 972 Quel
287 928 398 964 Livet
416 926 552 964 semble
572 924 702 964 d’estre
715 939 766 964 un
783 924 991 977 Authority
1009 939 1055 964 en
1070 929 1188 978 point.
1199 924 1278 966 Sed
1288 940 1353 966 non
1371 928 1523 978 adon-at}

167 995 229 1021 car
254 992 403 1020 coment
428 980 462 1019 le
486 981 611 1019 court
638 979 799 1028 declam,
834 993 908 1033 que
927 980 974 1019 ad
1000 978 1093 1020 estre
1117 982 1258 1022 mieulx
1279 981 1307 1022 fi
1328 982 1363 1023 16
1383 984 1526 1025 Breach

169 1035 216 1076 ad
249 1034 341 1074 estre
373 1035 507 1087 affigne
534 1034 732 1074 accorclant
752 1035 786 1073 al
811 1034 934 1087 parols
962 1033 1024 1074 del
1045 1036 1172 1088 agai-d,
1204 1051 1343 1078 uncore
1373 1038 1419 1079 ils
1447 1039 1530 1080 fue-

170 1103 254 1130 ront
279 1089 326 1129 de
356 1090 530 1142 Opinion
566 1104 638 1141 que
668 1090 700 1128 16
731 1088 870 1130 Breach
894 1089 965 1129 fuit
998 1087 1104 1130 assets
1132 1090 1219 1132 bien
1251 1106 1298 1132 en
1327 1091 1531 1135 substance.

168 1146 256 1185 Mes
301 1142 395 1183 Vide
425 1144 572 1183 Brookes
600 1147 632 1183 ὃ(
669 1142 802 1184 Dean’s
831 1144 939 1194 Case,
979 1158 994 1182 1
1021 1146 1176 1186 Levinz.
1207 1161 1295 1198 145.
1322 1149 1358 1187 &
1384 1162 1404 1201 3
1432 1150 1528 1189 Lev.

170 1213 260 1251 293.
288 1199 483 1252 Walnough
504 1203 536 1238 8:
554 1200 743 1251 Helgate's
763 1200 873 1249 Case,
904 1215 925 1238 2
939 1195 1033 1239 Mod.
1043 1203 1128 1253 Rep.
1148 1206 1239 1256 269.
1253 1205 1293 1241 in
1312 1201 1530 1245 Harwood's

168 1256 279 1300 Case,
299 1257 333 1294 8(
352 1254 458 1294 Nota.

116 1315 251 1353 Divers
277 1310 503 1362 Exceptions
532 1310 680 1348 fueront
714 1312 789 1361 pris
814 1308 848 1347 al
870 1307 983 1360 agard
1005 1311 1157 1359 mesme,
1187 1312 1221 1351 &
1246 1310 1282 1351 31
1303 1311 1463 1355 chescun
1480 1313 1531 1356 de

171 1379 246 1405 eux
268 1364 468 1416 particular
492 1365 695 1416 Responses
725 1364 874 1403 fuetont
896 1363 966 1402 fait
992 1377 1056 1416 per
1083 1364 1120 1404 16
1146 1365 1314 1406 Counsel
1335 1367 1397 1408 del
1422 1382 1531 1411 autet

170 1431 266 1471 part.
303 1419 392 1459 Mes
411 1432 433 1458 a
451 1419 540 1458 faire
552 1418 753 1471 particular
775 1417 901 1458 recital
921 1416 968 1458 de
987 1432 1062 1458 eux
1080 1422 1162 1460 voit
1186 1419 1280 1461 estre
1298 1433 1384 1476 trop
1403 1423 1532 1478 longe,

172 1477 207 1515 δι
229 1477 332 1513 nient
353 1473 543 1527 agreeablc
566 1473 600 1512 al
616 1472 763 1525 defigne
782 1472 830 1513 de
850 1472 923 1513 cest
945 1473 1063 1514 livet:
1102 1475 1150 1514 Et
1167 1488 1239 1528 put
1256 1489 1325 1516 ceo
1343 1477 1412 1529 jeo
1432 1480 1530 1521 ferra

171 1532 341 1569 mention
371 1529 417 1568 de
450 1528 483 1567 le
518 1529 738 1568 Resolution
767 1527 829 1568 del
859 1528 981 1568 Court
1010 1529 1071 1568 sur
1101 1540 1188 1570 tout
1218 1530 1253 1570 16
1271 1543 1408 1574 matter
1437 1534 1533 1575 sole-

171 1595 286 1624 ment.

118 1643 174 1682 Le
194 1639 367 1691 Opinion
387 1636 446 1677 del
468 1636 637 1689 greinder
655 1649 738 1690 part
758 1635 818 1676 del
837 1637 963 1676 Court
981 1638 1065 1683 fuit,
1091 1651 1165 1691 que
1183 1639 1219 1680 le
1236 1639 1393 1682 Release
1409 1654 1478 1695 per
1496 1642 1532 1684 16

173 1692 287 1746 agard
298 1691 431 1733 d'estre
449 1694 516 1732 fait
536 1706 600 1744 per
614 1692 647 1732 16
665 1688 841 1732 Plaintiff
848 1691 884 1731 al
901 1691 1132 1739 Defendant‚
1149 1693 1234 1736 fiad
1252 1694 1345 1736 estre
1362 1709 1534 1749 execute‚

173 1748 222 1789 ad
244 1747 336 1788 estre
357 1761 406 1787 un
425 1747 559 1787 release
577 1747 639 1787 del
653 1747 879 1799 Obligation
905 1746 951 1786 de
971 1747 1207 1801 Submiffion,
1237 1752 1272 1791 &
1290 1764 1366 1803 que
1382 1751 1418 1792 le
1436 1752 1534 1793 Sub-

173 1804 316 1844 mission
339 1803 410 1842 fuit
429 1801 671 1852 conditional,
689 1800 714 1841 si
733 1803 820 1842 bien
840 1814 991 1854 quanta
1004 1802 1039 1843 le
1056 1817 1194 1846 matter
1209 1804 1272 1846 del
1286 1804 1416 1858 agad,
1426 1821 1534 1849 come

176 1871 224 1898 en
245 1858 390 1910 respe&
408 1856 471 1897 del
492 1869 613 1910 temps
635 1870 656 1897 a
675 1858 765 1897 faite
782 1856 817 1896 16
836 1856 961 1909 agarei.
979 1858 1070 1898 Mes
1088 1863 1194 1901 nient
1204 1859 1354 1901 obstant
1367 1860 1413 1901 ils
1427 1872 1536 1903 touts

177 1913 326 1952 fueront
347 1911 395 1952 de
423 1911 595 1963 Opinion
622 1925 696 1964 que
716 1912 750 1951 le
773 1911 886 1964 agatd
906 1912 978 1951 fuit
996 1912 1111 1962 bone,
1139 1918 1229 1967 quia
1255 1914 1329 1954 fuit
1345 1928 1396 1955 un
1417 1920 1536 1969 parti-

178 1968 280 2007 cular
296 1967 527 2007 satisfaction
545 1969 578 2006 δι
596 1966 741 2006 mutual
759 1979 1020 2018 recompence‚
1049 1980 1169 2019 quant
1186 1968 1224 2009 al
1239 1966 1395 2009 chescun
1419 1976 1536 2023 parti-

175 2020 279 2060 cular
292 2032 426 2061 matter
439 2020 564 2073 agard.
618 2021 781 2060 Carthew
799 2020 1006 2062 Accounsel
1015 2034 1090 2064 ove
1100 2022 1137 2066 le
1147 2020 1327 2075 Plaintiffi
1353 2024 1480 2067 Hooke
1497 2028 1535 2068 &

179 2075 364 2128 Lutwyche
381 2089 454 2117 ove
475 2075 510 2115 le
527 2075 761 2117 Defendant„

1339 2521 1539 2609 Coclggsoq'
